@article{eilers1996,
  title={{Flexible smoothing with B-splines and penalties}},
  author={Eilers, Paul HC and Marx, Brian D},
  journal={Statistical science},
  pages={89--102},
  year={1996},
  publisher={JSTOR}
}

@article{currie2002,
  title={{Flexible smoothing with P-splines: a unified approach}},
  author={Currie, Iain David and Durban, M},
  journal={Statistical Modelling},
  volume={2},
  number={4},
  pages={333--349},
  year={2002},
  publisher={Sage Publications Sage CA: Thousand Oaks, CA}
}

@article{royston2011,
  title={The use of restricted mean survival time to estimate the treatment effect in randomized clinical trials when the proportional hazards assumption is in doubt},
  author={Royston, Patrick and Parmar, Mahesh KB},
  journal={Statistics in medicine},
  volume={30},
  number={19},
  pages={2409--2421},
  year={2011},
  publisher={Wiley Online Library}
}

@article{royston2013,
  title={Restricted mean survival time: an alternative to the hazard ratio for the design and analysis of randomized trials with a time-to-event outcome},
  author={Royston, Patrick and Parmar, Mahesh KB},
  journal={BMC medical research methodology},
  volume={13},
  number={1},
  pages={152},
  year={2013},
  publisher={BioMed Central}
}

@article{wand2008,
  title={On semiparametric regression with O'Sullivan penalized splines},
  author={Wand, MP and Ormerod, JT},
  journal={Australian \& New Zealand Journal of Statistics},
  volume={50},
  number={2},
  pages={179--198},
  year={2008},
  publisher={Wiley Online Library}
}
